<record><leader>00000cas a22000007a 4500</leader><controlfield tag="001">21025802</controlfield><controlfield tag="008">900209d19781980aruwr ne      0    0eng d</controlfield><datafield ind1=" " ind2=" " tag="010"><subfield code="a">sn 90050033 </subfield></datafield><datafield ind1=" " ind2=" " tag="040"><subfield code="a">ANU</subfield><subfield code="b">eng</subfield><subfield code="c">ANU</subfield><subfield code="d">OCLCQ</subfield></datafield><datafield ind1=" " ind2=" " tag="042"><subfield code="a">msc</subfield></datafield><datafield ind1="0" ind2=" " tag="130"><subfield code="a">Sharp County record (Ash Flat, Ark.)</subfield></datafield><datafield ind1="1" ind2="0" tag="245"><subfield code="a">Sharp County record.</subfield></datafield><datafield ind1=" " ind2=" " tag="260"><subfield code="a">Ash Flat, AR :</subfield><subfield code="b">Areawide Media, Inc.</subfield></datafield><datafield ind1=" " ind2=" " tag="300"><subfield code="a">v.</subfield></datafield><datafield ind1=" " ind2=" " tag="310"><subfield code="a">Weekly</subfield></datafield><datafield ind1="0" ind2=" " tag="362"><subfield code="a">Vol. 101, no. 9 (Mar. 1, 1978)-v. 103, no. 32 (Aug. 27, 1980).</subfield></datafield><datafield ind1=" " ind2=" " tag="752"><subfield code="a">United States</subfield><subfield code="b">Arkansas</subfield><subfield code="c">Sharp</subfield><subfield code="d">Ash Flat.</subfield></datafield><datafield ind1="0" ind2="7" tag="785"><subfield code="t">Salem headlight (Salem, Ark. : 1977)</subfield><subfield code="w">(DLC)sn 90050015</subfield></datafield><datafield ind1="0" ind2="7" tag="785"><subfield code="t">News (Salem, Ark.)</subfield><subfield code="w">(DLC)sn 90050014</subfield></datafield></record>